<?xml version="1.0" encoding="UTF-8"?>
<record xmlns="http://www.loc.gov/MARC21/slim" xmlns:xsi="http://www.w3.org/2001/XMLSchema-instance" xsi:schemaLocation="http://www.loc.gov/MARC21/slim http://www.loc.gov/standards/marcxml/schema/MARC21slim.xsd">
<leader>00000cam a22      a 4500</leader>
<controlfield tag="001">001676357</controlfield>
<controlfield tag="003">NNU</controlfield>
<controlfield tag="005">20150605153945.0</controlfield>
<controlfield tag="008">920813q19001992ua            000 0 ara d</controlfield>
<datafield tag="035" ind1=" " ind2=" ">
<subfield code="a">(OCoLC)81862954</subfield>
</datafield>
<datafield tag="040" ind1=" " ind2=" ">
<subfield code="a">NjP</subfield>
<subfield code="b">eng</subfield>
<subfield code="c">HLS</subfield>
<subfield code="d">OCLCG</subfield>
<subfield code="d">LGG</subfield>
<subfield code="d">OCLCF</subfield>
<subfield code="d">OCLCA</subfield>
<subfield code="d">OCLCQ</subfield>
<subfield code="d">OCLCO</subfield>
<subfield code="d">NNU</subfield>
</datafield>
<datafield tag="050" ind1=" " ind2="4">
<subfield code="a">BP166.2</subfield>
<subfield code="b">.I247 1900z</subfield>
</datafield>
<datafield tag="100" ind1="1" ind2=" ">
<subfield code="6">880-01</subfield>
<subfield code="a">Ibn Taymīyah, Aḥmad ibn ʻAbd al-Ḥalīm,</subfield>
<subfield code="d">1263-1328.</subfield>
</datafield>
<datafield tag="245" ind1="1" ind2="0">
<subfield code="6">880-02</subfield>
<subfield code="a">Risālah al-ʻarshīyah /</subfield>
<subfield code="c">lil-Imām Taqī al-Dīn Abī ʻAbbās Aḥmad Ibn Taymīyah ; ʻuniyat bi-nashrihā wa-taṣḥīḥihā wa-al-taʻlīq ʻalayhā lil-marrah al-ūlá Idārat al-Ṭibāʻah al-Munīrīyah.</subfield>
</datafield>
<datafield tag="260" ind1=" " ind2=" ">
<subfield code="6">880-03</subfield>
<subfield code="a">[Miṣr] :</subfield>
<subfield code="b">al-Maṭbaʻah al-Munīrīyah,</subfield>
<subfield code="c">[19--?]</subfield>
</datafield>
<datafield tag="300" ind1=" " ind2=" ">
<subfield code="a">31 pages ;</subfield>
<subfield code="c">24 cm</subfield>
</datafield>
<datafield tag="336" ind1=" " ind2=" ">
<subfield code="a">text</subfield>
<subfield code="b">txt</subfield>
<subfield code="2">rdacontent</subfield>
</datafield>
<datafield tag="337" ind1=" " ind2=" ">
<subfield code="a">unmediated</subfield>
<subfield code="b">n</subfield>
<subfield code="2">rdamedia</subfield>
</datafield>
<datafield tag="338" ind1=" " ind2=" ">
<subfield code="a">volume</subfield>
<subfield code="b">nc</subfield>
<subfield code="2">rdacarrier</subfield>
</datafield>
<datafield tag="650" ind1=" " ind2="0">
<subfield code="a">Prayer</subfield>
<subfield code="x">Islam.</subfield>
</datafield>
<datafield tag="650" ind1=" " ind2="0">
<subfield code="a">Islamic cosmology.</subfield>
</datafield>
<datafield tag="650" ind1=" " ind2="0">
<subfield code="a">Throne of God (Islam)</subfield>
</datafield>
<datafield tag="650" ind1=" " ind2="7">
<subfield code="a">Islamic cosmology.</subfield>
<subfield code="2">fast</subfield>
<subfield code="0">(OCoLC)fst00979918</subfield>
</datafield>
<datafield tag="650" ind1=" " ind2="7">
<subfield code="a">Prayer</subfield>
<subfield code="x">Islam.</subfield>
<subfield code="2">fast</subfield>
<subfield code="0">(OCoLC)fst01074698</subfield>
</datafield>
<datafield tag="650" ind1=" " ind2="7">
<subfield code="a">Throne of God (Islam)</subfield>
<subfield code="2">fast</subfield>
<subfield code="0">(OCoLC)fst01150445</subfield>
</datafield>
<datafield tag="776" ind1="0" ind2="8">
<subfield code="i">Online version:</subfield>
<subfield code="a">Ibn Taymīyah, Aḥmad ibn ʻAbd al-Ḥalīm, 1263-1328.</subfield>
<subfield code="t">Risālah al-ʻarshīyah.</subfield>
<subfield code="d">[Cairo] : al-Maṭbaʻah al-Munīrīyah, [19--?]</subfield>
<subfield code="w">(OCoLC)780175702</subfield>
</datafield>
<datafield tag="880" ind1="1" ind2=" ">
<subfield code="6">100-01/</subfield>
<subfield code="a">ابن تيمية، احمد بن عبد الحليم،</subfield>
<subfield code="d">1263-1328.</subfield>
</datafield>
<datafield tag="880" ind1="1" ind2="0">
<subfield code="6">245-02/</subfield>
<subfield code="a">رسالة العرشية /</subfield>
<subfield code="c">للامام تقي الدين ابي عباس احمد ابن تيمية ؛ عنية بنشرها وتصحيحها والتعليق عليها للمرة الولى ادارة الطباعة المنيرية.</subfield>
</datafield>
<datafield tag="880" ind1=" " ind2=" ">
<subfield code="6">260-03/</subfield>
<subfield code="a">[مصر] :</subfield>
<subfield code="b">المطبعة المنيرية،</subfield>
<subfield code="c">[19--?]</subfield>
</datafield>
<datafield tag="OWN" ind1=" " ind2=" ">
<subfield code="a">GENERAL</subfield>
</datafield>
<datafield tag="AVA" ind1=" " ind2=" ">
<subfield code="a">NYU50</subfield>
<subfield code="b">BOBST</subfield>
<subfield code="c">Main Collection</subfield>
<subfield code="d">BP166.2 .I247 1978</subfield>
<subfield code="e">unavailable</subfield>
<subfield code="t">Unavailable</subfield>
<subfield code="f">1</subfield>
<subfield code="g">1</subfield>
<subfield code="h">N</subfield>
<subfield code="i">0</subfield>
<subfield code="j">MAIN</subfield>
<subfield code="k">0</subfield>
</datafield>
</record>
